 @book{gusfield_irving_1989, 
 place={Cambridge, MA}, 
 title={{The stable marriage problem: Structure and algorithms}}, 
 howpublished = "\url{https://mitpress.mit.edu/9780262515528/the-stable-marriage-problem/}",
 publisher={MIT Press}, 
 author={Gusfield, Dan and Irving, Robert W.}, year={1989}
 } 
 
 @misc{dickerson, 
 title={Stable matching - Carnegie Mellon University}, 
 howpublished = "\url{https://www.cs.cmu.edu/~arielpro/15896s16/slides/896s16-16.pdf}",
 author={Dickerson, John P.}
 } 

@misc{marden, 
title={Jason R. Marden's Home Page}, 
howpublished = "\url{https://web.ece.ucsb.edu/~jrmarden/ewExternalFiles/lecture05-notes.pdf}",
journal={Electrical and Computer Engineering at UCSB}, 
author={Marden, Jason R.}
} 

@misc{The_SMP, 
title={The stable marriage problem},
howpublished = "\url{https://matching.readthedocs.io/en/latest/discussion/stable_marriage/index.html}",
journal={The stable marriage problem - matching 1.4 documentation}
} 